
@book{anderson_statistics_2020,
	address = {Boston, MA},
	edition = {14e},
	title = {Statistics for business \& economics},
	isbn = {978-1-337-90106-2},
	language = {eng},
	publisher = {Cengage},
	author = {Anderson, David R.},
	year = {2020},
	note = {OCLC: 1105745869},
}

@book{p_doane_estatistica_2014,
	edition = {4},
	title = {Estatística aplicada à administração e economia},
	isbn = {978-85-8055-394-9},
	language = {pt-BR},
	publisher = {Amgh},
	author = {P. Doane, David and E. Seward, Lori},
	year = {2014},
}

@book{halmos_teoria_2001,
	address = {Rio de Janeiro},
	title = {Teoria ingenua dos conjuntos},
	isbn = {978-85-7393-141-9},
	language = {por},
	publisher = {Editora Ciencia Moderna},
	author = {Halmos, Paul R.},
	year = {2001},
	note = {OCLC: 399870738},
}

@book{ismay_statistical_2020,
	address = {Boca Raton},
	series = {Chapman \& {Hall}/{CRC} the {R} {Series}},
	title = {Statistical inference via data science: a {ModernDive} into {R} and the {Tidyverse}},
	isbn = {978-0-367-40991-3},
	shorttitle = {Statistical inference via data science},
	url = {https://moderndive.com/},
	publisher = {CRC Press / Taylor \& Francis Group},
	author = {Ismay, Chester and Kim, Albert Young-Sun},
	year = {2020},
	keywords = {Data processing, Quantitative research, R (Computer program language), Statistics},
}
